<?xml version="1.0" encoding="UTF-8"?><collection xmlns="http://www.loc.gov/MARC21/slim"><record><leader>00604nam--2200181-i-4500</leader><controlfield tag="001">000011343</controlfield><controlfield tag="002">20161230</controlfield><controlfield tag="005">20161230201029</controlfield><controlfield tag="008">060222s1000------------r-----000-0-fre-d</controlfield><datafield ind1=" " ind2=" " tag="040"><subfield code="a">IFIN-HH</subfield></datafield><datafield ind1=" " ind2=" " tag="041"><subfield code="a">fre</subfield></datafield><datafield ind1=" " ind2=" " tag="080"><subfield code="a">539.219.3(043)</subfield></datafield><datafield ind1="1" ind2=" " tag="100"><subfield code="a">Desrousseaux, Gerard</subfield></datafield><datafield ind1="1" ind2="0" tag="245"><subfield code="a">Forces d'interaction electromagnetique provoquant la coalescence des grains d'une couche metallique tres mince deposee sur substrat amorphe par evaporation thermique</subfield><subfield code="b">These</subfield><subfield code="c">Gerard desrousseaux</subfield></datafield><datafield ind1=" " ind2=" " tag="260"><subfield code="a">Marseille</subfield><subfield code="b">Universite</subfield><subfield code="c">1973</subfield></datafield><datafield ind1=" " ind2=" " tag="300"><subfield code="a">124P</subfield></datafield><datafield ind1=" " ind2=" " tag="852"><subfield code="a">42098</subfield><subfield code="c">539.23</subfield></datafield><datafield ind1=" " ind2=" " tag="CAT"><subfield code="a">Sys</subfield><subfield code="c">20121218</subfield><subfield code="h">103324</subfield></datafield></record></collection>